101 10100001986753075211909150700A094101Testing1 Bank          THE FAB FOUR CORP              
5220STRAWBERRYFIELDS                    8675307521PPDPAYROLL   191004191004   1101000010000001
622101000019111111           00000000010200           JONES DESMOND           0101000010000001
6321010000191234567890111213100000000021300           MUSTARD MISTER M        0101000010000002
63210100001922334455667788   00000000032400           SKY LUCY D              0101000010000003
622101000019899991456465654  00000000042680           LANE PENNY              0101000010000004
6221010000198168085555911911 00000000052990           MCCARTNEY STELLA        0101000010000005
6221010000196375309999911166600000000062110           RIGBY ELEANOR           0101000010000006
6221010000196548921651651    00000000072330           KITE HENDERSON          0101000010000007
63210100001911223344556      00000000082190           HAMMER MAXWELL          0101000010000008
622101000019888999111000999  00000000092450           SHEARS WILLIAM          0101000010000009
6221010000197722772277227722 00000000083450           DEAR PRUDENCE           0101000010000010
622101000019062916062916     00000000076220           MARTIN LORETTA          0101000010000011
6221010000198666166966       00000000062470           BEST PETE               0101000010000012
632101000019331100331100     00000000056400           EASTMAN LINDA           0101000010000013
6321010000198162663737       00000000042510           POWELL CYNTHIA          0101000010000014
6221010000199988998899889    00000000037740           COX MARY                0101000010000015
6221010000199876543219875455500000000022660           BOYD PATTIE             0101000010000016
62210100001900001111111111   00000000012400           PEPPER SERGEANT         0101000010000017
622101000019620001234        00000000020080           ROBERT DOCTOR           0101000010000018
822000001801818000180000000000000000000000808675307521                         101000010000001
9000001000003000000180181800018000000000000000000000083                                       
9999999999999999999999999999999999999999999999999999999999999999999999999999999999999999999999
9999999999999999999999999999999999999999999999999999999999999999999999999999999999999999999999
9999999999999999999999999999999999999999999999999999999999999999999999999999999999999999999999
9999999999999999999999999999999999999999999999999999999999999999999999999999999999999999999999
9999999999999999999999999999999999999999999999999999999999999999999999999999999999999999999999
9999999999999999999999999999999999999999999999999999999999999999999999999999999999999999999999
9999999999999999999999999999999999999999999999999999999999999999999999999999999999999999999999
9999999999999999999999999999999999999999999999999999999999999999999999999999999999999999999999